@article{clark:1964,
    author = "G. Clark, J.W. Wright",
    title = "Scheduling of vehicles from a central depot to a number of delivery points",
    journal = "Operations Research",
    volume = "12",
    pages = "568-581",
    year = "1964",
}

@article{CMT:1981,
    author = "Christofides, N., Mingozzi, A., and Toth, P.",
    title = "Exact algorithms for the vehicle routing problem, based on spanning tree and shortest path relaxations",
    journal = "Mathematical Programming",
    volume = "20",
    pages = "255-282",
    year = "1981a",
}


@article{CE:1969,
    author = "N. Christofides and S. Eilon",
    title = "An algorithm for the vehicle dispatching problem",
    journal = "ORQ",
    volume = "20",
    pages = "309-318",
    year = "1969",
}


@inbook{LANO:87,
    AUTHOR    = "Laporte, G., and Nobert, Y",
    chapter   = "Exact algorithms for the vehicle routing problem",
    TITLE     = "Surveys in Combinatorial Optimization",
    EDITOR    = "S. Martello, G. Laporte, M. Minoux and C. Ribeiro",
    YEAR      = "1987"
}

@ARTICLE{balinski:64,
    AUTHOR    = "M.L. Balinski and R.E. Quandt",
    TITLE     = "On an integer program for a delivery problem",
    JOURNAL   = "Operations Research",
    VOLUME    = "12",
    NUMBER    = "2",
    YEAR      = "1964",
    PAGES     = "300--304"
}

@article{shaw98using,
    author = "Paul Shaw",
    title = "Using Constraint Programming and Local Search Methods to Solve Vehicle Routing Problems",
    journal = "Lecture Notes in Computer Science",
    volume = "1520",
    pages = "417--??",
    year = "1998",
    url = "citeseer.ist.psu.edu/shaw98using.html" 
}

@techreport{Laporte:1999,
	author = "Gilbert Laporte, Frederic Semet",
	title = "Classical Heuristics for the Vehicle Routing Problem",
   institution =  {Les Cahiers du Gerad},
   year = {1999},
}

@article{Schrijver,
    author = "Alexander Schrijver",
    title = "On the history of combinatorial optimization (till 1960)",
    journal = "?",
    volume = "?",
    pages = "?",
    year = "?",
    url = "?"
}

@article{Kirkman:1856,
    author = "T.P. Kirkman",
    title = "On the representation of polyhedra",
    journal = "Philosophical Transactions of the Royal Society of London Series A",
    volume = "146",
    pages = "413-418",
    year = "1856"
}

@article{Hamilton:1856,
    author = "W.R. Hamilton",
    title = "Memorandum respecting a new system of roots of unity (the Icosian calculus)",
    journal = "Philosophical Magazine",
    volume = "12",
    year = "1856"
}


@article{potvin96vehicle,
    author = "J.-Y. Potvin and S. Bengio",
    title = "The vehicle routing problem with time windows --- Part {II}: Genetic search",
    journal = "INFORMS Journal on Computing",
    volume = "8",
    pages = "165--172",
    year = "1996",
    url = "citeseer.ist.psu.edu/potvin96vehicle.html" 
}

@misc{ibaraki01effective,
	author = "T. Ibaraki and M. Kubo and T. Masuda and T. Uno and M. Yagiura",
	title = "Effective local search algorithms for the vehicle routing problem with
	  general time windows",
	text = "Ibaraki, T., Kubo, M., Masuda, T., Uno, T., and Yagiura, M., Effective
	  local search algorithms for the vehicle routing problem with general time
	  windows, Working paper, Department of Applied Mathematics and Physics, Kyoto
	  University, Japan, (2001).",
	year = "2001",
	url = "citeseer.ist.psu.edu/ibaraki02effective.html" 
}

@article{Babin:2005,
	author = {G. Babin, S. Deneault, G. Laporte},
	title = {Improvements to the Or-opt Heuristic for the Symmetric Traveling Salesman Problem},
	year = {2005},
	address = {Group for Research in Decision Analysis, Montreal, Quebec, Canada}, 
	url = "?"
}

@article{Robinson:1949,
	author = {J. Robinson},
	title = {On the Hamiltonian Game (A Traveling Salesman Problem)},
	journal = {Research Memorandum RM-303},
	year = {1949},
	address = {The RAND Corporation, Santa Monica, California}
}


@article{Solomon:1987,
	author = {M. M. Solomon},
	title = {Algorithms for the vehicle routing and scheduling problems with time window constraints},
	journal = {Oper. Res.},
	volume = {35},
	number = {2},
	year = {1987},
	issn = {0030-364X},
	pages = {254--265},
	publisher = {INFORMS},
	address = {Institute for Operations Research and the Management Sciences (INFORMS), Linthicum, Maryland, USA}, 
}

@misc{SolomonWebsite,
	title = {Vrptw Benchmark  Problems},
	howpublished = {Website},
	author = {M. M. Solomon},
	url = {http://w.cba.neu.edu/~msolomon/problems.htm}
}

@TechReport{Infometrics:2003,
   author = 	 {Infometrics},
   title = 	 {Road freight:Its significance for regional economies},
   institution =  {Infometrics},
   year = 	 {2003},
	url = {http://www.infometrics.co.nz/reports/rtf-report-0603.pdf}
}

@misc{RTFNZ,
	title = {Road Transport Forum NZ - Transport Facts},
	howpublished = {Website},
	author = {Road Transport Forum NZ},
	url = {http://www.rtfnz.co.nz/cm-transport-facts.php}
}

@article{Dantzig:1959,
	title = {The Truck Dispatching Problem},
	author = {G. B. Dantzig and J. H. Ramser},
	journal = {Management Science},
	volume = {6},
	number = {1},
	year = {Oct, 1959},
	pages = {80--91},
	url = {http://links.jstor.org/sici?sici=0025-1909%28195910%296%3A1%3C80%3ATTDP%3E2.0.CO%3B2-A}
}

@article{Dantzig:1954,
	title = {Solution of a large-scale Traveling Salesman Problem},
	author = {Dantzig, Fulkerson, and Johnson},
	journal = {Operations Research},
	number = {2},
	year = {1954},
	pages = {393â€“410},
	url = {http://links.jstor.org/sici?sici=0025-1909%28195910%296%3A1%3C80%3ATTDP%3E2.0.CO%3B2-A}
}
